[gd_scene load_steps=10 format=3 uid="uid://bmp63cohj1qb1"]

[ext_resource type="Script" path="res://principal.gd" id="1_j3fre"]
[ext_resource type="PackedScene" uid="uid://cqku7r4yih0ye" path="res://jogador.tscn" id="2_1l1hy"]
[ext_resource type="Script" path="res://criador_inimigos.gd" id="3_57h70"]
[ext_resource type="AudioStream" uid="uid://co0mcr3c1x41" path="res://powerup.mp3" id="5_kicxu"]
[ext_resource type="Texture2D" uid="uid://bdbgrp7r8rinc" path="res://quadrado.png" id="6_2ghyd"]
[ext_resource type="AudioStream" uid="uid://btjew4hkfy7jf" path="res://powerdown.mp3" id="6_nrh8b"]
[ext_resource type="AudioStream" uid="uid://c8ukhda1toyov" path="res://banjo_loop.wav" id="7_0fvea"]

[sub_resource type="RectangleShape2D" id="RectangleShape2D_bdetd"]
size = Vector2(3100, 33.5)

[sub_resource type="RectangleShape2D" id="RectangleShape2D_43xbr"]
size = Vector2(48.25, 1516.5)

[node name="principal" type="Node2D"]
script = ExtResource("1_j3fre")

[node name="Jogador" parent="." instance=ExtResource("2_1l1hy")]

[node name="criador_inimigos" type="Node2D" parent="."]
position = Vector2(656, 29)
script = ExtResource("3_57h70")

[node name="piso" type="StaticBody2D" parent="."]

[node name="CollisionShape2D" type="CollisionShape2D" parent="piso"]
position = Vector2(510, 1180)
shape = SubResource("RectangleShape2D_bdetd")

[node name="Sprite2D" type="Sprite2D" parent="piso"]
position = Vector2(514, 1581.75)
scale = Vector2(61.48, 16.85)
texture = ExtResource("6_2ghyd")

[node name="lateral" type="StaticBody2D" parent="."]

[node name="CollisionShape2D" type="CollisionShape2D" parent="lateral"]
position = Vector2(-1045.88, 434.25)
shape = SubResource("RectangleShape2D_43xbr")

[node name="Sprite2D" type="Sprite2D" parent="lateral"]
position = Vector2(-1853, 841)
scale = Vector2(33.36, 46.64)
texture = ExtResource("6_2ghyd")

[node name="lateral2" type="StaticBody2D" parent="."]

[node name="Sprite2D" type="Sprite2D" parent="lateral2"]
position = Vector2(2870, 835)
scale = Vector2(33.36, 46.64)
texture = ExtResource("6_2ghyd")

[node name="CollisionShape2D" type="CollisionShape2D" parent="lateral2"]
position = Vector2(2059, 430)
shape = SubResource("RectangleShape2D_43xbr")

[node name="audio_up" type="AudioStreamPlayer" parent="."]
stream = ExtResource("5_kicxu")

[node name="audio_dano" type="AudioStreamPlayer" parent="."]
stream = ExtResource("6_nrh8b")

[node name="audio_fundo" type="AudioStreamPlayer" parent="."]
stream = ExtResource("7_0fvea")
